@misc{stachniss2013robotmappingintro,
	author={Cyrill Stachniss},
	title={Introduction to Robot Mapping},
	month={October},
	year={2013},
	publisher={University of Freiburg}
}

@article{durrant2006simultaneous,
	title={Simultaneous localization and mapping: part I},
	author={Durrant-Whyte, Hugh and Bailey, Tim},
	journal={IEEE robotics \& automation magazine},
	volume={13},
	number={2},
	pages={99--110},
	year={2006},
	publisher={IEEE},
	note = {Available at: \url{http://everobotics.org/pdf/SLAMTutorial.pdf} (Accessed 02 December 2018)},
}

@inproceedings{clark2008archaeology,
	title={Archaeology via underwater robots: Mapping and localization within maltese cistern systems},
	author={Clark, Christopher M and Olstad, Christopher S and Buhagiar, Keith and Gambin, Timmy},
	booktitle={Control, Automation, Robotics and Vision, 2008. ICARCV 2008. 10th International Conference on},
	pages={662--667},
	year={2008},
	organization={IEEE},
	note = {Available at: \url{https://digitalcommons.calpoly.edu/cgi/viewcontent.cgi?referer=https://scholar.google.co.uk/&httpsredir=1&article=1055&context=csse_fac} (Accessed: 02 December 2018)},
}

@article{carnegie2007sinkhole,	
	title={NASA-funded Robotic Sub Finds Bottom Of World's Deepest Sinkhole},
	author={Carnegie Mellon University},
	journal={ScienceDaily},
	year={2007},
	publisher={IEEE},
	note = {Available at: \url{https://ntrs.nasa.gov/archive/nasa/casi.ntrs.nasa.gov/20190000015.pdf} (Accessed 02 December 2018}),
}

@article{dissanayake2001solution,
  title={A solution to the simultaneous localization and map building (SLAM) problem},
  author={Dissanayake, MWM Gamini and Newman, Paul and Clark, Steve and Durrant-Whyte, Hugh F and Csorba, Michael},
  journal={IEEE Transactions on robotics and automation},
  volume={17},
  number={3},
  pages={229--241},
  year={2001},
  publisher={IEEE},
}

@article{choset2001topological,
	title={Topological simultaneous localization and mapping (SLAM): toward exact localization without explicit localization},
	author={Choset, Howie and Nagatani, Keiji},
	journal={IEEE Transactions on robotics and automation},
	volume={17},
	number={2},
	pages={125--137},
	year={2001},
	publisher={IEEE}
}

@article{thrun2008simultaneous,
	title={Simultaneous localization and mapping},
	author={Thrun, Sebastian and Leonard, John J},
	journal={Springer handbook of robotics},
	pages={871--889},
	year={2008},
	publisher={Springer}
}

@article{vespa2018efficient,
	title={Efficient octree-based volumetric SLAM supporting signed-distance and occupancy mapping},
	author={Vespa, Emanuele and Nikolov, Nikolay and Grimm, Marius and Nardi, Luigi and Kelly, Paul HJ and Leutenegger, Stefan},
	journal={IEEE Robotics and Automation Letters},
	volume={3},
	number={2},
	pages={1144--1151},
	year={2018},
	publisher={IEEE}
}

@inproceedings{besl1992method,
	title={Method for registration of 3-D shapes},
	author={Besl, Paul J and McKay, Neil D},
	booktitle={Sensor Fusion IV: Control Paradigms and Data Structures},
	volume={1611},
	pages={586--607},
	year={1992},
	organization={International Society for Optics and Photonics}
}

@article{censi2008icp,
	title={An ICP variant using a point-to-line metric},
	author={Censi, Andrea},
	year={2008},
	publisher={Ieee}
}

@online{mrpt2013icp,
	title={Iterative Closest Point (ICP) and other matching algorithms},
	author={Jose Luis Blanco},
	year={2013},
	note = {Available at: \url{https://www.mrpt.org/Iterative_Closest_Point_(ICP)_and_other_matching_algorithms} (Accessed 12 December 2018})
}

